@ARTICLE{fabrikant,
author={Fabrikant, I.I. and Hotop, H.},
title={On the validity of the Arrhenius equation for electron attachment rate coefficients},
journal={Journal of Chemical Physics},
year={2008},
volume={128},
number={12},
doi={10.1063/1.2841079},
art_number={124308},
note={cited By 51},
url={https://www.scopus.com/inward/record.uri?eid=2-s2.0-41549107164&doi=10.1063%2f1.2841079&partnerID=40&md5=edc543fd858e46139b27b6b46357aa4d},
document_type={Article},
source={Scopus},
}
@ARTICLE{bohn,
author={Bohn, M.A.},
title={The Connection Between the Parameters of WLF Equation and of Arrhenius Equation},
journal={Propellants, Explosives, Pyrotechnics},
year={2019},
volume={44},
number={6},
pages={696-705},
doi={10.1002/prep.201800329},
note={cited By 3},
url={https://www.scopus.com/inward/record.uri?eid=2-s2.0-85062338279&doi=10.1002%2fprep.201800329&partnerID=40&md5=d1f40698ad87410985ef6df6c9ea8bc5},
document_type={Article},
source={Scopus},
}
