@ARTICLE{Marcello Carla,
author={Marcello Carla},
title={Stefanâ€“Boltzmann law for the tungsten filament of a light bulb},
journal={American Journal of Physics},
year={2013},
volume={81},
number={7},
pages={512-517},
url={https://www.researchgate.net/publication/258757261_Stefan-Boltzmann_law_for_the_tungsten_filament_of_a_light_bulb_Revisiting_the_experiment/link/5954d3ea0f7e9b2da1b3b8ab/download},
document_type={Article},
source={ResearchGate},
}
@ARTICLE{Yuri V. Gusev,
author={Yuri V. Gusev},
title={On the integral law of thermal radiation},
journal={Russian Journal of Mathematical Physics},
year={2014},
volume={21},
number={4},
pages={460-471},
url={https://arxiv.org/pdf/1612.03199.pdf},
document_type={Article},
source={arxiv},
}