@ARTICLE{fabrikant,
author={Fabrikant, I.I. and Hotop, H.},
title={On the validity of the Arrhenius equation for electron attachment rate coefficients},
journal={Journal of Chemical Physics},
year={2008},
volume={128},
number={12},
doi={10.1063/1.2841079},
art_number={124308},
note={cited By 51},
url={https://www.scopus.com/inward/record.uri?eid=2-s2.0-41549107164&doi=10.1063%2f1.2841079&partnerID=40&md5=edc543fd858e46139b27b6b46357aa4d},
document_type={Article},
source={Scopus},
}
@ARTICLE{bohn,
author={Bohn, M.A.},
title={The Connection Between the Parameters of WLF Equation and of Arrhenius Equation},
journal={Propellants, Explosives, Pyrotechnics},
year={2019},
volume={44},
number={6},
pages={696-705},
doi={10.1002/prep.201800329},
note={cited By 3},
url={https://www.scopus.com/inward/record.uri?eid=2-s2.0-85062338279&doi=10.1002%2fprep.201800329&partnerID=40&md5=d1f40698ad87410985ef6df6c9ea8bc5},
document_type={Article},
source={Scopus},
}

Scopus
EXPORT DATE: 2 July 2021

@ARTICLE{Yee1966302,
author={Yee, K.S.},
title={Numerical Solution of Initial Boundary Value Problems Involving Maxwell's Equations in Isotropic Media},
journal={IEEE Transactions on Antennas and Propagation},
year={1966},
volume={14},
number={3},
pages={302-307},
doi={10.1109/TAP.1966.1138693},
note={cited By 11695},
url={https://www.scopus.com/inward/record.uri?eid=2-s2.0-84894021661&doi=10.1109%2fTAP.1966.1138693&partnerID=40&md5=580d4c5ae9335ce4406b5d28833f76e9},
document_type={Letter},
source={Scopus},
}
Scopus
EXPORT DATE: 2 July 2021

%me20b053
@ARTICLE{Baillet200114,
author={Baillet, S. and Mosher, J.C. and Leahy, R.M.},
title={Electromagnetic brain mapping},
journal={IEEE Signal Processing Magazine},
year={2001},
volume={18},
number={6},
pages={14-30},
doi={10.1109/79.962275},
note={cited By 1110},
url={https://www.scopus.com/inward/record.uri?eid=2-s2.0-0035505496&doi=10.1109%2f79.962275&partnerID=40&md5=48fd8c02c6fd64415fa76ae5a9159607},
document_type={Article},
source={Scopus},
}

@misc{Newton_second_law,
author = {Unknown},
title = {Newton's Second Law},
month = {June},
year = {2021},
howpublished = {\url{https://en.wikipedia.org/wiki/Newton%27s_laws_of_motion}}}

@misc{Newton_discription,
author = {Unknown},
title = {Newton's Second Law description},
month = {Unknown},
year = {Unknown},
howpublished = {\url{https://www1.grc.nasa.gov/beginners-guide-to-aeronautics/newtons-laws-of-motion/}}}

@misc{bernoullieq,
author = {Unknown},
title = {Bernoulli's principle},
month = july,
year = {2002},
howpublished={\url{https://en.wikipedia.org/wiki/Bernoulli%27s_principle}}}
@misc{ME20B163,
author = {Unknown},
title = {What is the Bernoulli equation?},
month = june,
year = {2020},
howpublished={\url{https://www.quora.com/What-is-the-Bernoulli-equation}}}}


@ARTICLE{Marcello,
author={Marcello Carla},
title={Stefanâ€“Boltzmann law for the tungsten filament of a light bulb},
journal={American Journal of Physics},
year={2013},
volume={81},
number={7},
pages={512-517},
url={https://www.researchgate.net/publication/258757261_Stefan-Boltzmann_law_for_the_tungsten_filament_of_a_light_bulb_Revisiting_the_experiment/link/5954d3ea0f7e9b2da1b3b8ab/download},
document_type={Article},
source={ResearchGate},
}
@ARTICLE{Yuri,
author={Yuri V. Gusev},
title={On the integral law of thermal radiation},
journal={Russian Journal of Mathematical Physics},
year={2014},
volume={21},
number={4},
pages={460-471},
url={https://arxiv.org/pdf/1612.03199.pdf},
document_type={Article},
source={arxiv},
}


@misc{ enwiki:1029050612,
	author = "{Wikipedia contributors}",
	title = "Gamma function --- {Wikipedia}{,} The Free Encyclopedia",
	year = "2021",
	url = "https://en.wikipedia.org/w/index.php?title=Gamma_function&oldid=1029050612",
	note = ""
  }
