@misc{bernoullieq,
author = {Unknown},
title = {Bernoulli's principle},
month = july,
year = {2002},
howpublished={\url{https://en.wikipedia.org/wiki/Bernoulli%27s_principle}}}
@misc{ME20B163,
author = {Unknown},
title = {What is the Bernoulli equation?},
month = june,
year = {2020},
howpublished={\url{https://www.quora.com/What-is-the-Bernoulli-equation}}}}
