@misc{Newton's Second Law,
author = {Unknown},
title = {Newton's Second Law},
month = {June},
year = {2021},
howpublished = {\url{https://en.wikipedia.org/wiki/Newton%27s_laws_of_motion}}}

@misc{Newton's Second Law description,
author = {Unknown},
title = {Newton's Second Law description},
month = {Unknown},
year = {Unknown},
howpublished = {\url{https://www1.grc.nasa.gov/beginners-guide-to-aeronautics/newtons-laws-of-motion/}}}
