Scopus
EXPORT DATE: 2 July 2021

@ARTICLE{Yee1966302,
author={Yee, K.S.},
title={Numerical Solution of Initial Boundary Value Problems Involving Maxwell's Equations in Isotropic Media},
journal={IEEE Transactions on Antennas and Propagation},
year={1966},
volume={14},
number={3},
pages={302-307},
doi={10.1109/TAP.1966.1138693},
note={cited By 11695},
url={https://www.scopus.com/inward/record.uri?eid=2-s2.0-84894021661&doi=10.1109%2fTAP.1966.1138693&partnerID=40&md5=580d4c5ae9335ce4406b5d28833f76e9},
document_type={Letter},
source={Scopus},
}
Scopus
EXPORT DATE: 2 July 2021

@ARTICLE{Baillet200114,
author={Baillet, S. and Mosher, J.C. and Leahy, R.M.},
title={Electromagnetic brain mapping},
journal={IEEE Signal Processing Magazine},
year={2001},
volume={18},
number={6},
pages={14-30},
doi={10.1109/79.962275},
note={cited By 1110},
url={https://www.scopus.com/inward/record.uri?eid=2-s2.0-0035505496&doi=10.1109%2f79.962275&partnerID=40&md5=48fd8c02c6fd64415fa76ae5a9159607},
document_type={Article},
source={Scopus},
}
