  @misc{ enwiki:1029050612,
    author = "{Wikipedia contributors}",
    title = "Gamma function --- {Wikipedia}{,} The Free Encyclopedia",
    year = "2021",
    url = "https://en.wikipedia.org/w/index.php?title=Gamma_function&oldid=1029050612",
    note = ""
  }